 
@report{cdr,
  author	= {M. Aicheler and P. Burrows and M. Draper and T. Garvey and P. Lebrun and K. Peach and N. Phinney and H. Schmickler and D. Schulte and N. Toge.},
  title		= {A Multi-TeV linear collider based on CLIC technology: CLIC Conceptual Design Report},
  isbn = "978-92-9083-379-6",
  issn = "0007-8328",
  year		= {2012},
  institution	= {CERN},
  address	= {Geneva}
}

@report{clicyellowreport,
  author	= {D. Dannheim and others},
  title		= {Detector Technologies for CLIC},
  year		= {2018},
  institution	= {CERN},
  address	= {Geneva},
  url		= "https://edms.cern.ch/document/2053288/"
}

@article{hj,
title = "A Pascalian lateral drift sensor",
journal = "Nuclear Instruments and Methods in Physics Research Section A: Accelerators, Spectrometers, Detectors and Associated Equipment",
volume = "831",
number = "1",
pages = "242 - 245",
year = "2016",
note = "Proceedings of the 10th International “Hiroshima” Symposium on the Development and Application of Semiconductor Tracking Detectors",
issn = "0168-9002",
doi = "http://dx.doi.org/10.1016/j.nima.2016.01.092",
url = "http://www.sciencedirect.com/science/article/pii/S016890021600142X",
author = "H. Jansen"
}

@article{det,
      author        = "Nurnberg, Andreas Matthias and Dannheim, Dominik",
      title         = "{Requirements for the CLIC tracker readout}",
      month         = "Apr",
      year          = "2017",
      reportNumber  = "CLICdp-Note-2017-002",
      url           = "https://cds.cern.ch/record/2261066",
}

@misc{Syn,
	title = {{Synopsys web page}},
	Howpublished={\url{https://www.synopsys.com/}}
}

@misc{SynopsysIncG-2012.06,
	title = {{Sentaurus Device Users Guide}},
	year = "2012"
}

@article{simon,
	doi = {10.1088/1748-0221/12/05/p05022},
	url = {https://doi.org/10.1088%2F1748-0221%2F12%2F05%2Fp05022},
	year = 2017,
	month = {may},
	publisher = {{IOP} Publishing},
	volume = {12},
	number = {05},
	pages = {P05022--P05022},
	author = {S. Spannagel },
	collaboration = {CMS},
	title = {Test beam performance measurements for the Phase I upgrade of the {CMS} pixel detector},
	journal = {Journal of Instrumentation}
}

@article{cmstdr,
      author         = "Bayatian, G. L. and others",
       title         = "{CMS Physics: Technical Design Report Volume 1: Detector
                       Performance and Software}",
      publisher     = "CERN",
      collaboration = "CMS Collaboration",
      address       = "Geneva",
      series        = "Technical Design Report CMS",
      year          = "2006",
      reportNumber  = "CERN-LHCC-2006-001",
      url           = "https://cds.cern.ch/record/922757"
}

@article{tp3,
	doi = {10.1088/1748-0221/9/05/c05013},
	url = {https://doi.org/10.1088%2F1748-0221%2F9%2F05%2Fc05013},
	year = 2014,
	month = {may},
	publisher = {{IOP} Publishing},
	volume = {9},
	number = {05},
	pages = {C05013--C05013},
	author = {T Poikela and J Plosila and T Westerlund and M Campbell and M De Gaspari and X Llopart and V Gromov and R Kluit and M van Beuzekom and F Zappon and V Zivkovic and C Brezina and K Desch and Y Fu and A Kruth},
	title = {Timepix3: a 65K channel hybrid pixel readout chip with simultaneous {ToA}/{ToT} and sparse readout},
	journal = {Journal of Instrumentation}
}

@inbook{elad,
author = {Velyka, A and Jansen, Hendrik},
year = {2018},
month = {08},
pages = {380-384},
note = { Proceedings of International Conference on Technology and Instrumentation in Particle Physics 2017},
publisher = {Springer, Singapore},
book = {Springer Proceedings in Physics},
title = {Enhanced Lateral Drift Sensors: Concept and Development: Volume 2},
isbn = {978-981-13-1315-8},
doi = {10.1007/978-981-13-1316-5_71}
}

@book{Lutz,
	author = "G. Lutz",
	title = "Semiconductor Radiation Detectors",
	publisher = "Springer-Verlag",
	address = "Berlin, Heidelberg",
	year = "2007",
	isbn = "978-3-540-71678-5",
	number = "4"
}

@article{Pellegrini,
	title = "Technology development of p-type microstrip detectors with radiation hard p-spray isolation",
	journal = "Nuclear Instruments and Methods in Physics Research",
	year = "2007",
	issn = "A 566 (2006) 360-365",
	author = "G. Pellegrini and C. Fleta and F. Campabadal and S. Di'ez and M. Lozano and J.M. Rafi' and M. Ulla'n."
}

@article{TimePix,
	title = "Timepix3: a 65K channel hybrid pixel readout chip with simultaneous ToA/ToT and sparse readout",
	journal = "Journal of Instrumentation",
	year = "2014",
	issn = "A 566 (2006) 360-365",
	author = "T Poikelaa and J Plosila and T Westerlund and M Campbell and M De Gaspari and X Llopart and V Gromov and R Kluit and M van Beuzekom and F Zappon."
}

@article{ILCcdr,
      author       = {Behnke, Ties and Brau, James E. and Foster, Brian and
                      Fuster, Juan and Harrison, Mike and Paterson, James McEwan
                      and Peskin, Michael and Stanitzki, Marcel and Walker,
                      Nicholas and Yamamoto, Hitoshi},
      title        = {{T}he {I}nternational {L}inear {C}ollider {T}echnical
                      {D}esign {R}eport - {V}olume 1: {E}xecutive {S}ummary},
      year         = {2013},
      eprint       = {1306.6327},
      howpublished = {arXiv:1306.6327},
      archivePrefix = {arXiv},
      url          = {http://bib-pubdb1.desy.de/record/166034}
}
